<record><leader>00000cas a2200000 a 4500</leader><controlfield tag="001">17398139</controlfield><controlfield tag="008">880127c19089999wauwr ne      0   a0eng d</controlfield><datafield ind1=" " ind2=" " tag="010"><subfield code="a">sn 88085445 </subfield></datafield><datafield ind1=" " ind2=" " tag="040"><subfield code="a">SLZ</subfield><subfield code="b">eng</subfield><subfield code="c">SLZ</subfield><subfield code="d">OCL</subfield><subfield code="d">OCLCQ</subfield><subfield code="d">WAU</subfield><subfield code="d">OCLCQ</subfield><subfield code="d">WAU</subfield><subfield code="d">DLC</subfield><subfield code="d">OCLCF</subfield></datafield><datafield ind1="0" ind2=" " tag="022"><subfield code="a">2328-3963</subfield><subfield code="2">1</subfield></datafield><datafield ind1="1" ind2=" " tag="029"><subfield code="a">AU@</subfield><subfield code="b">000020498483</subfield></datafield><datafield ind1=" " ind2=" " tag="042"><subfield code="a">msc</subfield><subfield code="a">nsdp</subfield></datafield><datafield ind1=" " ind2=" " tag="043"><subfield code="a">n-us-wa</subfield></datafield><datafield ind1="0" ind2="0" tag="050"><subfield code="a">Newspaper</subfield></datafield><datafield ind1="0" ind2="0" tag="082"><subfield code="a">071</subfield><subfield code="2">23</subfield></datafield><datafield ind1=" " ind2="4" tag="222"><subfield code="a">The Lynden tribune</subfield><subfield code="b">(Print)</subfield></datafield><datafield ind1="0" ind2="4" tag="245"><subfield code="a">The Lynden tribune.</subfield></datafield><datafield ind1=" " ind2=" " tag="260"><subfield code="a">Lynden, Wash. :</subfield><subfield code="b">Tribune Pub. Co.,</subfield><subfield code="c">1908-</subfield></datafield><datafield ind1=" " ind2=" " tag="300"><subfield code="a">v.</subfield></datafield><datafield ind1=" " ind2=" " tag="310"><subfield code="a">Weekly</subfield></datafield><datafield ind1="0" ind2=" " tag="362"><subfield code="a">Vol. 1, no. 1 (July 9, 1908)-</subfield></datafield><datafield ind1=" " ind2=" " tag="500"><subfield code="a">"Complete picture and news coverage of Lynden, Everson, Sumas, Nooksack, Laurel and Deming."</subfield></datafield><datafield ind1=" " ind2=" " tag="500"><subfield code="a">Publisher: S.H. Lewis, &lt;1922&gt;.</subfield></datafield><datafield ind1=" " ind2=" " tag="530"><subfield code="a">Archived issues are available in digital format as part of the Library of Congress Chronicling America online collection.</subfield></datafield><datafield ind1=" " ind2="0" tag="651"><subfield code="a">Lynden (Wash.)</subfield><subfield code="v">Newspapers.</subfield></datafield><datafield ind1=" " ind2="0" tag="651"><subfield code="a">Everson (Wash.)</subfield><subfield code="v">Newspapers.</subfield></datafield><datafield ind1=" " ind2="0" tag="651"><subfield code="a">Sumas (Wash.)</subfield><subfield code="v">Newspapers.</subfield></datafield><datafield ind1=" " ind2="0" tag="651"><subfield code="a">Nooksack (Wash.)</subfield><subfield code="v">Newspapers.</subfield></datafield><datafield ind1=" " ind2="0" tag="651"><subfield code="a">Laurel (Whatcom County, Wash.)</subfield><subfield code="v">Newspapers.</subfield></datafield><datafield ind1=" " ind2="0" tag="651"><subfield code="a">Deming (Wash.)</subfield><subfield code="v">Newspapers.</subfield></datafield><datafield ind1=" " ind2="7" tag="655"><subfield code="a">Newspapers.</subfield><subfield code="2">fast</subfield><subfield code="0">(OCoLC)fst01423814</subfield></datafield><datafield ind1=" " ind2="7" tag="651"><subfield code="a">Washington (State)</subfield><subfield code="z">Deming.</subfield><subfield code="2">fast</subfield><subfield code="0">(OCoLC)fst01307522</subfield></datafield><datafield ind1=" " ind2="7" tag="651"><subfield code="a">Washington (State)</subfield><subfield code="z">Everson.</subfield><subfield code="2">fast</subfield><subfield code="0">(OCoLC)fst01882691</subfield></datafield><datafield ind1=" " ind2="7" tag="651"><subfield code="a">Washington (State)</subfield><subfield code="z">Laurel (Whatcom County)</subfield><subfield code="2">fast</subfield><subfield code="0">(OCoLC)fst01882692</subfield></datafield><datafield ind1=" " ind2="7" tag="651"><subfield code="a">Washington (State)</subfield><subfield code="z">Lynden.</subfield><subfield code="2">fast</subfield><subfield code="0">(OCoLC)fst01218606</subfield></datafield><datafield ind1=" " ind2="7" tag="651"><subfield code="a">Washington (State)</subfield><subfield code="z">Nooksack.</subfield><subfield code="2">fast</subfield><subfield code="0">(OCoLC)fst01867544</subfield></datafield><datafield ind1=" " ind2="7" tag="651"><subfield code="a">Washington (State)</subfield><subfield code="z">Sumas.</subfield><subfield code="2">fast</subfield><subfield code="0">(OCoLC)fst01287731</subfield></datafield><datafield ind1=" " ind2=" " tag="752"><subfield code="a">United States</subfield><subfield code="b">Washington</subfield><subfield code="c">Whatcom</subfield><subfield code="d">Lynden.</subfield></datafield><datafield ind1=" " ind2=" " tag="752"><subfield code="a">United States</subfield><subfield code="b">Washington</subfield><subfield code="c">Whatcom</subfield><subfield code="d">Everson.</subfield></datafield><datafield ind1=" " ind2=" " tag="752"><subfield code="a">United States</subfield><subfield code="b">Washington</subfield><subfield code="c">Whatcom</subfield><subfield code="d">Sumas.</subfield></datafield><datafield ind1=" " ind2=" " tag="752"><subfield code="a">United States</subfield><subfield code="b">Washington</subfield><subfield code="c">Whatcom</subfield><subfield code="d">Nooksack.</subfield></datafield><datafield ind1=" " ind2=" " tag="752"><subfield code="a">United States</subfield><subfield code="b">Washington</subfield><subfield code="c">Whatcom</subfield><subfield code="d">Laurel.</subfield></datafield><datafield ind1=" " ind2=" " tag="752"><subfield code="a">United States</subfield><subfield code="b">Washington</subfield><subfield code="c">Whatcom</subfield><subfield code="d">Deming.</subfield></datafield><datafield ind1="1" ind2=" " tag="776"><subfield code="t">Lynden tribune (Online)</subfield><subfield code="x">2328-3971</subfield><subfield code="w">(DLC)  2013218742</subfield><subfield code="w">(OCoLC)839688586</subfield></datafield><datafield ind1="4" ind2="1" tag="856"><subfield code="u">http://chroniclingamerica.loc.gov/lccn/sn88085445/issues</subfield></datafield></record>